
@article{Nadkarni-1992,
	author = {M. A. Nadkarni and C. K. K. Nair and V. N. Pandey and A. Others},
	title = {Characterzation of alpha-galactosidase from corynebacterium murisepticum and mechanism of its induction},
	type = {J},
	journal = {J Gen App Microbiol},
	year = {1992},
	volume = {38},
	pages = {223-234},
}


@article{ChenCheChen2001,
	author = {陈建军 and 车建文 and 陈勇},
	title = {具有频率和振型概率约束的工程结构动力优化设计},
	type = {J},
	journal = {计算力学学报},
	year = {2001},
	volume = {18},
	number = {1},
	pages = {74-80},
	userf = {zh},
}


@article{Hua-Wang-1973,
	author = {华罗庚 and 王元},
	title = {论一致分布与近似分析：数论方法(I)},
	type = {J},
	journal = {中国科学},
	year = {1973},
	number = {4},
	pages = {339-357},
	userf = {zh},
}


@book{ZhuKeZhen,
	author = {竺可桢},
	title = {物候学},
	type = {M},
	location = {北京},
	publisher = {科学出版社},
	year = {1973},
	userf = {zh},
}

@book{Huo,
	author = {霍夫斯塔主编},
	title = {禽病学：下册．第7版},
	translator = {胡祥壁},
	type = {M},
	location = {北京},
	publisher = {农业出版社},
	year = {1981},
	pages = {798-799},
	userf = {zh},
}

@patent{JiangXiZhou,
	author = {姜锡洲},
	title = {一种温热外敷药制备方案},
	type = {P},
	location = {中国},
	number = {88105607.3},
	date = {1989-07-26},
	userf = {zh},
}
@incollection{PQEMU,
	author = {张全福 and 王里青},
	title = {“百家争鸣”与理工科学报编辑工作},
	type = {M},
	bookauthor = {郑福寿},
	booktitle = {学报编辑论丛：第2集},
	location = {南京},
	publisher = {河海大学出版社},
	year = {1991},
	pages = {1-4},
	userf = {zh},
}

@book{Timoshenko,
	author = {S. P. Timoshenko},
	title = {Theory of plate and shells．2nd ed.},
	type = {M},
	location = {New York},
	publisher = {McGraw-Hil1},
	year = {1959},
    pages = {17-36},
}

@incollection{Zhang-Wang,
	author = {张全福 and 王里青},
	title = {“百家争鸣”与理工科学报编辑工作},
	type = {M},
	bookauthor = {郑福寿},
	booktitle = {学报编辑论丛：第2集},
	location = {南京},
	publisher = {河海大学出版社},
	year = {1991},
	pages = {1-4},
	userf = {zh},
}

@Book{arpachiDusseau18:osbook,
  author =       {Arpaci-Dusseau, Remzi H. and Arpaci-Dusseau Andrea C.},
  title =        {Operating Systems: Three Easy Pieces},
  publisher =    {Arpaci-Dusseau Books, LLC},
  year =         2015,
  edition =      {1.00},
  note =         {\url{http://pages.cs.wisc.edu/~remzi/OSTEP/}}
}
@InProceedings{waldspurger02,
  author =       {Waldspurger, Carl A.},
  title =        {Memory resource management in {VMware ESX} server},
  booktitle =    {USENIX Symposium on Operating System Design and
                  Implementation (OSDI)},
  year =         2002,
  pages =        {181--194},
  note =         {\url{https://www.usenix.org/legacy/event/osdi02/tech/waldspurger/waldspurger.pdf}}}
  
  
@InProceedings{Bellard2005qemu,
 author = {Bellard, Fabrice},
 title = {QEMU, a Fast and Portable Dynamic Translator},
 booktitle = {Proceedings of the Annual Conference on USENIX Annual Technical Conference},
 series = {ATEC '05},
 year = {2005},
 location = {Anaheim, CA},
 pages = {41--41},
 numpages = {1},
 acmid = {1247401},
 publisher = {USENIX Association},
 address = {Berkeley, CA, USA},
} 



@inproceedings{COREMU,
 author = {Wang, Zhaoguo and Liu, Ran and Chen, Yufei and Wu, Xi and Chen, Haibo and Zhang, Weihua and Zang, Binyu},
 title = {COREMU: A Scalable and Portable Parallel Full-system Emulator},
 booktitle = {Proceedings of the 16th ACM Symposium on Principles and Practice of Parallel Programming},
 series = {PPoPP '11},
 year = {2011},
 isbn = {978-1-4503-0119-0},
 location = {San Antonio, TX, USA},
 pages = {213--222},
 numpages = {10},
 acmid = {1941583},
 publisher = {ACM},
 address = {New York, NY, USA},
} 

@inproceedings{PICO,
 author = {Cota, Emilio G. and Bonzini, Paolo and Benn{\'e}e, Alex and Carloni, Luca P.},
 title = {Cross-ISA Machine Emulation for Multicores},
 booktitle = {Proceedings of the 2017 International Symposium on Code Generation and Optimization},
 series = {CGO '17},
 year = {2017},
 isbn = {978-1-5090-4931-8},
 location = {Austin, USA},
 pages = {210--220},
 numpages = {11},
 acmid = {3049855},
 publisher = {IEEE Press},
 address = {Piscataway, NJ, USA},
} 

@inproceedings{CRL,
 author = {Johnson, K. L. and Kaashoek, M. F. and Wallach, D. A.},
 title = {CRL: High-performance All-software Distributed Shared Memory},
 booktitle = {Proceedings of the Fifteenth ACM Symposium on Operating Systems Principles},
 series = {SOSP '95},
 year = {1995},
 isbn = {0-89791-715-4},
 location = {Copper Mountain, Colorado, USA},
 pages = {213--226},
 numpages = {14},
 acmid = {224073},
 publisher = {ACM},
 address = {New York, NY, USA},
} 

@article{CVM,
author = {Keleher, Pete},
year = {1995},
month = {01},
pages = {},
title = {CVM: The coherent virtual machine},
volume = {TR93-215}
}

@inproceedings{Quarks,
  title={Quarks: Portable Distributed Shared Memory on Unix},
  author={Dilip Khandekar},
  year={1995}
}

@INPROCEEDINGS{Strings, 
author={S. {Roy} and V. {Chaudhary}}, 
booktitle={Proceedings. The Seventh International Symposium on High Performance Distributed Computing (Cat. No.98TB100244)}, 
title={Strings: a high-performance distributed shared memory for symmetrical multiprocessor clusters}, 
year={1998}, 
volume={}, 
number={}, 
pages={90-97}, 
ISSN={1082-8907}, 
month={July},}

@inproceedings{DSMevaluation,
  title={An Experimental Evaluation of Software Distributed Shared Memory Environments Parallel and Distributed Computing Laboratory Pdcl Pdcl},
  author={Sumit Roy and Vipin Chaudhary},
  year={2007}
}

@article{Bochs,
 author = {Lawton, Kevin P.},
 title = {Bochs: A Portable PC Emulator for Unix/X},
 journal = {Linux J.},
 issue_date = {Sept. 1996},
 volume = {1996},
 number = {29es},
 month = sep,
 year = {1996},
 issn = {1075-3583},
 articleno = {7},
 acmid = {326357},
 publisher = {Belltown Media},
 address = {Houston, TX},
} 

@ARTICLE{simics, 
author={P. S. {Magnusson} and M. {Christensson} and J. {Eskilson} and D. {Forsgren} and G. {Hallberg} and J. {Hogberg} and F. {Larsson} and A. {Moestedt} and B. {Werner}}, 
journal={Computer}, 
title={Simics: A full system simulation platform}, 
year={2002}, 
volume={35}, 
number={2}, 
pages={50-58}, 
ISSN={0018-9162}, 
month={Feb},}

@inproceedings{DynamoRio,
 author = {Bruening, Derek and Garnett, Timothy and Amarasinghe, Saman},
 title = {An Infrastructure for Adaptive Dynamic Optimization},
 booktitle = {Proceedings of the International Symposium on Code Generation and Optimization: Feedback-directed and Runtime Optimization},
 series = {CGO '03},
 year = {2003},
 isbn = {0-7695-1913-X},
 location = {San Francisco, California, USA},
 pages = {265--275},
 numpages = {11},
 acmid = {776290},
 publisher = {IEEE Computer Society},
 address = {Washington, DC, USA},
} 

@inproceedings{PIN,
 author = {Mogul, Jeffrey C. and Borg, Anita},
 title = {The Effect of Context Switches on Cache Performance},
 booktitle = {Proceedings of the Fourth International Conference on Architectural Support for Programming Languages and Operating Systems},
 series = {ASPLOS IV},
 year = {1991},
 isbn = {0-89791-380-9},
 location = {Santa Clara, California, USA},
 pages = {75--84},
 numpages = {10},
 acmid = {106982},
 publisher = {ACM},
 address = {New York, NY, USA},
} 

@inproceedings{ArMOR,
 author = {Lustig, Daniel and Trippel, Caroline and Pellauer, Michael and Martonosi, Margaret},
 title = {ArMOR: Defending Against Memory Consistency Model Mismatches in Heterogeneous Architectures},
 booktitle = {Proceedings of the 42Nd Annual International Symposium on Computer Architecture},
 series = {ISCA '15},
 year = {2015},
 isbn = {978-1-4503-3402-0},
 location = {Portland, Oregon},
 pages = {388--400},
 numpages = {13},
 acmid = {2750378},
 publisher = {ACM},
 address = {New York, NY, USA},
}


@phdthesis{ bienia2008parsec,
  author = {Christian Bienia},
  title = {Benchmarking Modern Multiprocessors},
  school = {Princeton University},
  year      = {2011},
  month     = {January}
}

@Misc{caswiki,
howpublished = {\url{https://en.wikipedia.org/wiki/Compare-and-swap}},
title = {Compare-and-swap-WikiPedia},
}

@Misc{futexwiki,
howpublished = {\url{https://en.wikipedia.org/wiki/Futex}},
title = {Futex-WikiPedia},
}

@inproceedings{hong2012hqemu,
  title={HQEMU: a multi-threaded and retargetable dynamic binary translator on multicores},
  author={Hong, Ding-Yong and Hsu, Chun-Chen and Yew, Pen-Chung and Wu, Jan-Jan and Hsu, Wei-Chung and Liu, Pangfeng and Wang, Chien-Min and Chung, Yeh-Ching},
  booktitle={Proceedings of the Tenth International Symposium on Code Generation and Optimization},
  pages={104--113},
  year={2012},
  organization={ACM}
}

@inproceedings{wenwenasplos2018,
 author = {Wang, Wenwen and McCamant, Stephen and Zhai, Antonia and Yew, Pen-Chung},
 title = {Enhancing Cross-ISA DBT Through Automatically Learned Translation Rules},
 year = {2018},
 isbn = {9781450349116},
 publisher = {Association for Computing Machinery},
 address = {New York, NY, USA},
 url = {https://doi.org/10.1145/3173162.3177160},
 doi = {10.1145/3173162.3177160},
 booktitle = {Proceedings of the Twenty-Third International Conference on Architectural Support for Programming Languages and Operating Systems},
 pages = {84–97},
 numpages = {14},
 keywords = {DBT, symbolic execution, rule learning},
 location = {Williamsburg, VA, USA},
 series = {ASPLOS ’18}
}
@inproceedings {wenwenatc2019,
author = {Changheng Song and Wenwen Wang and Pen-Chung Yew and Antonia Zhai and Weihua Zhang},
title = {Unleashing the Power of Learning: An Enhanced Learning-Based Approach for Dynamic Binary Translation},
booktitle = {2019 {USENIX} Annual Technical Conference ({USENIX} {ATC} 19)},
year = {2019},
isbn = {978-1-939133-03-8},
address = {Renton, WA},
pages = {77--90},
url = {https://www.usenix.org/conference/atc19/presentation/song},
publisher = {{USENIX} Association},
month = jul,
}

@inproceedings{gabriel2004openmpi,
  title={Open MPI: Goals, concept, and design of a next generation MPI implementation},
  author={Gabriel, Edgar and Fagg, Graham E and Bosilca, George and Angskun, Thara and Dongarra, Jack J and Squyres, Jeffrey M and Sahay, Vishal and Kambadur, Prabhanjan and Barrett, Brian and Lumsdaine, Andrew and others},
  booktitle={European Parallel Virtual Machine/Message Passing Interface Users’ Group Meeting},
  pages={97--104},
  year={2004},
  organization={Springer}
}

@article{dean2008mapreduce,
  title={MapReduce: simplified data processing on large clusters},
  author={Dean, Jeffrey and Ghemawat, Sanjay},
  journal={Communications of the ACM},
  volume={51},
  number={1},
  pages={107--113},
  year={2008},
  publisher={ACM}
}

@article{zaharia2010spark,
  title={Spark: Cluster computing with working sets.},
  author={Zaharia, Matei and Chowdhury, Mosharaf and Franklin, Michael J and Shenker, Scott and Stoica, Ion},
  journal={HotCloud},
  volume={10},
  number={10-10},
  pages={95},
  year={2010}
}

@inproceedings{nelson2015latency,
  title={Latency-tolerant software distributed shared memory},
  author={Nelson, Jacob and Holt, Brandon and Myers, Brandon and Briggs, Preston and Ceze, Luis and Kahan, Simon and Oskin, Mark},
  booktitle={2015 $\{$USENIX$\}$ Annual Technical Conference ($\{$USENIX$\}$$\{$ATC$\}$ 15)},
  pages={291--305},
  year={2015}
}

@book{bennett1990munin,
  title={Munin: Distributed shared memory based on type-specific memory coherence},
  author={Bennett, John K and Carter, John B and Zwaenepoel, Willy},
  volume={25},
  number={3},
  year={1990},
  publisher={ACM}
}

@inproceedings{keleher1994treadmarks,
  title={TreadMarks: Distributed Shared Memory on Standard Workstations and Operating Systems.},
  author={Keleher, Peter J and Cox, Alan L and Dwarkadas, Sandhya and Zwaenepoel, Willy},
  booktitle={USENIX Winter},
  volume={1994},
  pages={23--36},
  year={1994}
}

@article{li1989memorycoherence,
  title={Memory coherence in shared virtual memory systems},
  author={Li, Kai and Hudak, Paul},
  journal={ACM Transactions on Computer Systems (TOCS)},
  volume={7},
  number={4},
  pages={321--359},
  year={1989},
  publisher={ACM}
}

@inproceedings{dragojevic2014farm,
  title={FaRM: Fast remote memory},
  author={Dragojevi{\'c}, Aleksandar and Narayanan, Dushyanth and Castro, Miguel and Hodson, Orion},
  booktitle={11th $\{$USENIX$\}$ Symposium on Networked Systems Design and Implementation ($\{$NSDI$\}$ 14)},
  pages={401--414},
  year={2014}
}

@inproceedings{kaashoek2003koordedht,
  title={Koorde: A simple degree-optimal distributed hash table},
  author={Kaashoek, M Frans and Karger, David R},
  booktitle={International Workshop on Peer-to-Peer Systems},
  pages={98--107},
  year={2003},
  organization={Springer}
}

@book{keleher1992lazyreleaseconsistency,
  title={Lazy release consistency for software distributed shared memory},
  author={Keleher, Pete and Cox, Alan L and Zwaenepoel, Willy},
  volume={20},
  number={2},
  year={1992},
  publisher={ACM}
}

@article{li1988ivy,
  title={IVY: A Shared Virtual Memory System for Parallel Computing.},
  author={Li, Kai},
  journal={ICPP (2)},
  volume={88},
  pages={94},
  year={1988}
}

@inproceedings{poulsen1994dataprefetchandforward,
  title={Data prefetching and data forwarding in shared memory multiprocessors},
  author={Poulsen, David K and Yew, Pen-Chung Yew Pen-Chung},
  booktitle={1994 Internatonal Conference on Parallel Processing Vol. 2},
  volume={2},
  pages={280--280},
  year={1994},
  organization={IEEE}
}

@inproceedings{mowry1998comparativeprefechandmultithread,
  title={Comparative evaluation of latency tolerance techniques for software distributed shared memory},
  author={Mowry, Todd C and Chan, Charles QC and Lo, Adley KW},
  booktitle={Proceedings 1998 Fourth International Symposium on High-Performance Computer Architecture},
  pages={300--311},
  year={1998},
  organization={IEEE}
}

@article{fengguang2008design,
  title={On the design of a new linux readahead framework},
  author={Fengguang, WU and Hongsheng, XI and Chenfeng, XU},
  journal={ACM SIGOPS Operating Systems Review},
  volume={42},
  number={5},
  pages={75--84},
  year={2008},
  publisher={ACM}
}

@inproceedings{tang2019plock,
  title={pLock: A Fast Lock for Architectures with Explicit Inter-core Message Passing},
  author={Tang, Xiongchao and Zhai, Jidong and Qian, Xuehai and Chen, Wenguang},
  booktitle={Proceedings of the Twenty-Fourth International Conference on Architectural Support for Programming Languages and Operating Systems},
  pages={765--778},
  year={2019},
  organization={ACM}
}

@inproceedings{barbalace2017popcorn,
  title={Breaking the boundaries in heterogeneous-isa datacenters},
  author={Barbalace, Antonio and Lyerly, Robert and Jelesnianski, Christopher and Carno, Anthony and Chuang, Ho-Ren and Legout, Vincent and Ravindran, Binoy},
  booktitle={ACM SIGPLAN Notices},
  volume={52},
  number={4},
  pages={645--659},
  year={2017},
  organization={ACM}
}

@unpublished{pagefaultcost,
  title={Cost of a page fault trap},
  author={Damon},
  year=2019,
  note ={Accessed 19 Apirl 2019. https://stackoverflow.com/questions/1022\\3690/cost-of-a-page-fault-trap }
}

@article{dagum1998openmp,
  title={OpenMP: An industry-standard API for shared-memory programming},
  author={Dagum, Leonardo and Menon, Ramesh},
  journal={Computing in Science \& Engineering},
  number={1},
  pages={46--55},
  year={1998},
  publisher={IEEE}
}

@article{blumofe1996cilk,
  title={Cilk: An efficient multithreaded runtime system},
  author={Blumofe, Robert D and Joerg, Christopher F and Kuszmaul, Bradley C and Leiserson, Charles E and Randall, Keith H and Zhou, Yuli},
  journal={Journal of parallel and distributed computing},
  volume={37},
  number={1},
  pages={55--69},
  year={1996},
  publisher={Elsevier}
}

@article{chamberlain2007parallelchapel,
  title={Parallel programmability and the chapel language},
  author={Chamberlain, Bradford L and Callahan, David and Zima, Hans P},
  journal={The International Journal of High Performance Computing Applications},
  volume={21},
  number={3},
  pages={291--312},
  year={2007},
  publisher={Sage Publications Sage UK: London, England}
}

@article{dean2007networklatency,
  title={Software engineering advice from building large-scale distributed systems},
  author={Dean, Jeff},
  journal={CS295 Lecture at Stanford University},
  volume={1},
  number={2.1},
  pages={1--2},
  year={2007}
}

@inproceedings{dechev2010understandingaba,
  title={Understanding and effectively preventing the ABA problem in descriptor-based lock-free designs},
  author={Dechev, Damian and Pirkelbauer, Peter and Stroustrup, Bjarne},
  booktitle={2010 13th IEEE International Symposium on Object/Component/Service-Oriented Real-Time Distributed Computing},
  pages={185--192},
  year={2010},
  organization={IEEE}
}


@inproceedings{muddukrishna2013localityawarenumaschedule,
  title={Locality-aware task scheduling and data distribution on NUMA systems},
  author={Muddukrishna, Ananya and Jonsson, Peter A and Vlassov, Vladimir and Brorsson, Mats},
  booktitle={International Workshop on OpenMP},
  pages={156--170},
  year={2013},
  organization={Springer}
}

@inproceedings{wang2014optimizingloadbalanceandlocallity,
  title={Optimizing load balancing and data-locality with data-aware scheduling},
  author={Wang, Ke and Zhou, Xraobing and Li, Tonglin and Zhao, Dongfang and Lang, Michael and Raicu, Ioan},
  booktitle={2014 IEEE International Conference on Big Data (Big Data)},
  pages={119--128},
  year={2014},
  organization={IEEE}
}

@article{hazardpointers2004,
  title={Hazard pointers: Safe memory reclamation for lock-free objects},
  author={Michael, Maged M},
  journal={IEEE Transactions on Parallel and Distributed Systems},
  volume={15},
  number={6},
  pages={491--504},
  year={2004},
  publisher={IEEE}
}

@inproceedings{Tsigas:2001:SFS:378580.378611,
 author = {Tsigas, Philippas and Zhang, Yi},
 title = {A Simple, Fast and Scalable Non-blocking Concurrent FIFO Queue for Shared Memory Multiprocessor Systems},
 booktitle = {Proceedings of the Thirteenth Annual ACM Symposium on Parallel Algorithms and Architectures},
 series = {SPAA '01},
 year = {2001},
 isbn = {1-58113-409-6},
 location = {Crete Island, Greece},
 pages = {134--143},
 numpages = {10},
 url = {http://doi.acm.org/10.1145/378580.378611},
 doi = {10.1145/378580.378611},
 acmid = {378611},
 publisher = {ACM},
 address = {New York, NY, USA},
} 

@Misc{piwiki,
howpublished = {\url{https://en.wikipedia.org/wiki/Machin-like_formula}},
title = {Machin-like formula},
}


